<?xml version="1.0" encoding="UTF-8"?><collection xmlns="http://www.loc.gov/MARC21/slim"><record><leader>00395nam--2200169-i-4500</leader><controlfield tag="001">000048384</controlfield><controlfield tag="002">20161230</controlfield><controlfield tag="005">20170116224739</controlfield><controlfield tag="008">060222s1000------------r-----000-0-eng-d</controlfield><datafield ind1=" " ind2=" " tag="080"><subfield code="a">621.375.826</subfield></datafield><datafield ind1=" " ind2=" " tag="100"><subfield code="a">Ablekov, V. K</subfield></datafield><datafield ind1=" " ind2=" " tag="245"><subfield code="a">Himicheskie lazery</subfield></datafield><datafield ind1=" " ind2=" " tag="260"><subfield code="a">Moskva</subfield><subfield code="b">Atomizdat</subfield><subfield code="c">1980</subfield></datafield><datafield ind1=" " ind2=" " tag="300"><subfield code="a">224 p</subfield></datafield><datafield ind1=" " ind2=" " tag="700"><subfield code="a">Proshkin, V. V</subfield></datafield><datafield ind1=" " ind2=" " tag="852"><subfield code="a">75451</subfield></datafield><datafield ind1=" " ind2=" " tag="CAT"><subfield code="a">SYS</subfield><subfield code="c">20170116</subfield><subfield code="h">224739</subfield></datafield></record></collection>